% This file was created with JabRef 2.10.
% Encoding: UTF-8


%%%%%%%%%%%%%%%%%%%%%%%%%%%%%%%%%%%%%%%%%%%%%%%%%%%%%%%%%%%%%%%%%%%%%%%%%%%%%%%%%%%%%%%%%%%%%%%%%%%%
EXAMPLE FILES (ONE FOR EACH FILE TYPE) - WILL EVENTUALLY DELETE - Claudio
%%%%%%%%%%%%%%%%%%%%%%%%%%%%%%%%%%%%%%%%%%%%%%%%%%%%%%%%%%%%%%%%%%%%%%%%%%%%%%%%%%%%%%%%%%%%%%%%%%%%

@TechReport{DIAMONDII,
  Title                    = {{Diamond-II}: Conceptual Design Report},
  Author                   = {C. {Abraham et al.}},
  Institution              = {Diamond Light Source Ltd.},
  Year                     = {2019},

  Address                  = {Didcot, UK},
  Month                    = {May},

  Owner                    = {idris},
  Timestamp                = {2019.07.15}
}

@InProceedings{OSQPCODEGEN,
  Title                    = {Embedded code generation using the {OSQP} solver},
  Author                   = {G. {Banjac} and B. {Stellato} and N. {Moehle} and P. {Goulart} and A. {Bemporad} and S. {Boyd}},
  Booktitle                = {2017 IEEE 56th Annual Conference on Decision and Control (CDC)},
  Year                     = {2017},

  Address                  = {Melbourne, Australia},
  Pages                    = {1906-1911}
}

@Book{BAUSCHKEBOOK,
  Title                    = {Convex Analysis and Monotone Operator Theory in {Hilbert} Space},
  Author                   = {Bauschke, Heinz and Combettes, Patrick},
  Publisher                = {Springer},
  Year                     = {2011},
  Month                    = {January},

  Owner                    = {idris},
  Pages                    = {468},
  Timestamp                = {2019.11.03}
}

@Article{BAUSCHKESWISS,
  Title                    = {Projection Methods: Swiss Army Knives for Solving Feasibility and Best
Approximation Problems with Halfspaces},
  Author                   = {Bauschke, Heinz and Koch, Valentin},
  Journal                  = {ArXiv e-prints},
  Year                     = {2013},

  Month                    = {January},

  Archiveprefix            = {arXiv},
  Owner                    = {idris},
  Timestamp                = {2019.11.03}
}

%%%%%%%%%%%%%%%%%%%%%%%%%%%%%%%%%%%%%%%%%%%%%%%%%%%%%%%%%%%%%%%%%%%%%%%%%%%%%%%%%%%%%%%%%%%%%%%%%%%%
END OF EXAMPLE FILES
%%%%%%%%%%%%%%%%%%%%%%%%%%%%%%%%%%%%%%%%%%%%%%%%%%%%%%%%%%%%%%%%%%%%%%%%%%%%%%%%%%%%%%%%%%%%%%%%%%%%